@misc{pragmatics,
  title   = {Java Memory Model Pragmatics (transcript)},
  url     = {https://shipilev.net/blog/2014/jmm-pragmatics/},
  author  = {Shipilev, Aleksey},
  year    = {2014}
} 

@misc{encounters,
  title   = {Close Encounters of The Java Memory Model Kind},
  url     = {https://shipilev.net/blog/2016/close-encounters-of-jmm-kind/},
  author  = {Shipilev, Aleksey},
  year    = {2016}
}
